<?xml version="1.0" encoding="UTF-8"?><record xmlns="http://www.loc.gov/MARC21/slim" xmlns:cinclude="http://apache.org/cocoon/include/1.0" xmlns:zs="http://www.loc.gov/zing/srw/">
  <leader>00419nz  a2200121n  4500</leader>
  <controlfield tag="001">n  86822903 </controlfield>
  <controlfield tag="003">DLC</controlfield>
  <controlfield tag="005">19860428101147.3</controlfield>
  <controlfield tag="008">860428n| acannaab|          |n aad |||  </controlfield>
  <datafield tag="010" ind1=" " ind2=" ">
    <subfield code="a">n  86822903 </subfield>
  </datafield>
  <datafield tag="040" ind1=" " ind2=" ">
    <subfield code="a">DLC</subfield>
    <subfield code="c">DLC</subfield>
  </datafield>
  <datafield tag="100" ind1="1" ind2="0">
    <subfield code="a">Wilkins, Gregory George,</subfield>
    <subfield code="d">1947-</subfield>
  </datafield>
  <datafield tag="670" ind1=" " ind2=" ">
    <subfield code="a">nuc86-38226: His Cognitive differentiation and integration ... 1977</subfield>
    <subfield code="b">(hdg. on FU rept.: Wilkins, Gregory George, 1947- ; usage: Gregory George Wilkins)</subfield>
  </datafield>
</record>